<record><leader>00000cas a2200000 a 4500</leader><controlfield tag="001">38403544</controlfield><controlfield tag="008">980210d197319uucauir ne      0    0eng c</controlfield><datafield ind1=" " ind2=" " tag="010"><subfield code="a">sn 98061786 </subfield></datafield><datafield ind1=" " ind2=" " tag="040"><subfield code="a">CNK</subfield><subfield code="b">eng</subfield><subfield code="c">CNK</subfield><subfield code="d">OCLCQ</subfield><subfield code="d">CNK</subfield><subfield code="d">OCLCQ</subfield><subfield code="d">OCLCF</subfield><subfield code="d">OCLCO</subfield></datafield><datafield ind1="1" ind2=" " tag="029"><subfield code="a">AU@</subfield><subfield code="b">000013766503</subfield></datafield><datafield ind1=" " ind2=" " tag="042"><subfield code="a">pcc</subfield></datafield><datafield ind1=" " ind2=" " tag="043"><subfield code="a">n-us-ca</subfield></datafield><datafield ind1="0" ind2=" " tag="130"><subfield code="a">Tri-valley news (Dublin, Calif.)</subfield></datafield><datafield ind1="1" ind2="0" tag="245"><subfield code="a">Tri-valley news.</subfield></datafield><datafield ind1=" " ind2=" " tag="260"><subfield code="a">Dublin, Calif. :</subfield><subfield code="b">Floyd Sparks</subfield></datafield><datafield ind1=" " ind2=" " tag="300"><subfield code="a">v.</subfield></datafield><datafield ind1=" " ind2=" " tag="310"><subfield code="a">Three times a week</subfield></datafield><datafield ind1="0" ind2=" " tag="362"><subfield code="a">Vol. 1, no. 1 (Sept. 14, 1973)-v. 8, no. 52 (Jan. 7, 1981).</subfield></datafield><datafield ind1=" " ind2=" " tag="500"><subfield code="a">Publication moved to Danville, Calif.</subfield></datafield><datafield ind1=" " ind2=" " tag="530"><subfield code="a">Master negatives are available for duplication from:</subfield><subfield code="b">California Newspaper Microfilm Archive;</subfield><subfield code="c">positive copies may be purchased by the reel; for further information consult the CNMA at:</subfield><subfield code="u">http://cbsr.ucr.edu</subfield></datafield><datafield ind1=" " ind2="0" tag="651"><subfield code="a">San Ramon Valley (Calif.)</subfield><subfield code="v">Newspapers.</subfield></datafield><datafield ind1=" " ind2="7" tag="655"><subfield code="a">Newspapers.</subfield><subfield code="2">fast</subfield><subfield code="0">(OCoLC)fst01423814</subfield></datafield><datafield ind1=" " ind2="7" tag="651"><subfield code="a">California</subfield><subfield code="z">San Ramon Valley.</subfield><subfield code="2">fast</subfield><subfield code="0">(OCoLC)fst01242434</subfield></datafield><datafield ind1=" " ind2=" " tag="752"><subfield code="a">United States</subfield><subfield code="b">California</subfield><subfield code="c">Contra Costa</subfield><subfield code="d">Danville.</subfield></datafield><datafield ind1=" " ind2=" " tag="752"><subfield code="a">United States</subfield><subfield code="b">California</subfield><subfield code="c">Alameda</subfield><subfield code="d">Dublin.</subfield></datafield><datafield ind1="0" ind2=" " tag="775"><subfield code="t">Tri-valley news (Danville, Calif. : Pleasanton Livermore ed.)</subfield><subfield code="w">(DLC)sn2009271012</subfield></datafield><datafield ind1="0" ind2="5" tag="780"><subfield code="t">Village pioneer (Danville, Calif.)</subfield><subfield code="w">(DLC)sn 98061785</subfield></datafield><datafield ind1="0" ind2="0" tag="780"><subfield code="t">Tri-valley herald and news</subfield><subfield code="w">(DLC)sn 98061770</subfield></datafield><datafield ind1="0" ind2="0" tag="785"><subfield code="t">News (Danville, Calif.)</subfield><subfield code="w">(DLC)sn2009271014</subfield></datafield></record>